
@Book{From2To16,
author = {Ch. N. Rolich},
title = {From 2 to 16},
publisher = {Vysshaja Shkola, Minsk, USSR.},
year = {1981},
}

@book{Concrete,
author = {Graham R. L., Knuth D.E. Potashnik O.},
title = {Concrete Mathematics - A Foundation for Computer Science},
publisher = {Addison-Wesley, USA},
year = {1998},
}


@book{Pelerman1,
author = {Pelerman Ya. I.},
title = {Zanimatelnaja Algebra},
year = {1957},
publisher = {Gosudarstvenoe izdatelstvo tekhniko-teoriticheskoj literatury, Moscow, USSR.},
}




@Misc{Khan1,
author = {Khan Academy},
title = {Congruence Modulo},
howpublished = "\url{https://www.khanacademy.org/computing/computer-science/cryptography/modarithmetic/a/congruence-modulo}"
,
year = {Last accessed 2014.05.30},
}

@Misc{Khan2,
author = {Khan Academy},
title = {Modular multiplication},
howpublished = "\url{https://www.khanacademy.org/computing/computer-science/cryptography/modarithmetic/a/modular-multiplication}"
,
year = {Last accessed 2014.06.07},
}




@Book{TrickBook,
author = {Longe B. (translated by Bankrashkova A.V.)},
title = {Matematicheskie fokusy (org. The Magical Math Book)},
publisher = {Astrel},
year = {2006},
}



@Book{MathWonder,
author = {M. Gardner},
title = {Math Wonders and Secrets (org. Mathematics Magic and Mistery)},
publisher = {Nauka},
year = {1986},
}
